<?xml version="1.0" encoding="UTF-8"?><collection xmlns="http://www.loc.gov/MARC21/slim"><record><leader>00357nam--2200121-i-4500</leader><controlfield tag="001">000031718</controlfield><controlfield tag="002">20161230</controlfield><controlfield tag="005">20161230201038</controlfield><controlfield tag="008">060222s1000------------r-----000-0-eng-d</controlfield><datafield ind1=" " ind2=" " tag="100"><subfield code="a">Lingane, James J</subfield></datafield><datafield ind1=" " ind2=" " tag="245"><subfield code="a">Electroanalytical chemistry. second edition revised and enlarged</subfield></datafield><datafield ind1=" " ind2=" " tag="260"><subfield code="a">New York, Interscience Publishers, Inc., 1958. Xiv+669p</subfield></datafield><datafield ind1=" " ind2=" " tag="852"><subfield code="a">14596</subfield></datafield></record></collection>